<?xml version="1.0" encoding="UTF-8"?><record xmlns="http://www.loc.gov/MARC21/slim" xmlns:cinclude="http://apache.org/cocoon/include/1.0" xmlns:zs="http://www.loc.gov/zing/srw/">
  <leader>02191cz  a2200457n  4500</leader>
  <controlfield tag="001">n  78059266 </controlfield>
  <controlfield tag="003">DLC</controlfield>
  <controlfield tag="005">20150227170456.0</controlfield>
  <controlfield tag="008">780824n| azannaabn          |b aaa      </controlfield>
  <datafield tag="010" ind1=" " ind2=" ">
    <subfield code="a">n  78059266 </subfield>
    <subfield code="z">n  79122431 </subfield>
  </datafield>
  <datafield tag="035" ind1=" " ind2=" ">
    <subfield code="a">(OCoLC)oca00194971</subfield>
  </datafield>
  <datafield tag="040" ind1=" " ind2=" ">
    <subfield code="a">DLC</subfield>
    <subfield code="b">eng</subfield>
    <subfield code="e">rda</subfield>
    <subfield code="c">DLC</subfield>
    <subfield code="d">DLC</subfield>
    <subfield code="d">DLC-R</subfield>
    <subfield code="d">OCoLC</subfield>
    <subfield code="d">DLC</subfield>
  </datafield>
  <datafield tag="046" ind1=" " ind2=" ">
    <subfield code="f">19410417</subfield>
  </datafield>
  <datafield tag="100" ind1="1" ind2=" ">
    <subfield code="a">Mendes-Flohr, Paul R.</subfield>
  </datafield>
  <datafield tag="375" ind1=" " ind2=" ">
    <subfield code="a">male</subfield>
  </datafield>
  <datafield tag="377" ind1=" " ind2=" ">
    <subfield code="a">heb</subfield>
  </datafield>
  <datafield tag="400" ind1="1" ind2=" ">
    <subfield code="a">Flohr, Paul R. Mendes-</subfield>
  </datafield>
  <datafield tag="400" ind1="1" ind2=" ">
    <subfield code="a">Mendes-Flohr, Saul R.</subfield>
  </datafield>
  <datafield tag="400" ind1="1" ind2=" ">
    <subfield code="a">Flohr, Paul R.</subfield>
  </datafield>
  <datafield tag="400" ind1="1" ind2=" ">
    <subfield code="a">Flor, P.</subfield>
  </datafield>
  <datafield tag="400" ind1="1" ind2=" ">
    <subfield code="a">Mendes-Flor, P.</subfield>
  </datafield>
  <datafield tag="400" ind1="1" ind2=" ">
    <subfield code="a">Mendes-Flohr, Paul</subfield>
  </datafield>
  <datafield tag="400" ind1="1" ind2=" ">
    <subfield code="a">Flor, P. Mendes-</subfield>
    <subfield code="q">(Paul Mendes-)</subfield>
  </datafield>
  <datafield tag="400" ind1="1" ind2=" ">
    <subfield code="a">Mendes-Flor, Paʼul</subfield>
  </datafield>
  <datafield tag="400" ind1="1" ind2=" ">
    <subfield code="a">Flor, Paʼul Mendes-</subfield>
  </datafield>
  <datafield tag="400" ind1="1" ind2=" ">
    <subfield code="a">Mendes-Flor, Pol</subfield>
  </datafield>
  <datafield tag="400" ind1="1" ind2=" ">
    <subfield code="a">מנדס־פלור, פאול</subfield>
  </datafield>
  <datafield tag="400" ind1="1" ind2=" ">
    <subfield code="a">מנדס־פלור, פול</subfield>
  </datafield>
  <datafield tag="400" ind1="1" ind2=" ">
    <subfield code="a">פלור, פ.</subfield>
  </datafield>
  <datafield tag="667" ind1=" " ind2=" ">
    <subfield code="a">Machine-derived non-Latin script reference project.</subfield>
  </datafield>
  <datafield tag="667" ind1=" " ind2=" ">
    <subfield code="a">Non-Latin script references not evaluated.</subfield>
  </datafield>
  <datafield tag="670" ind1=" " ind2=" ">
    <subfield code="a">Freund, E. Franz Rosenzweig's philosophy ... 1978</subfield>
    <subfield code="b">verso CIP galley t.p. (Saul R. Mendes-Flohr) verso book t.p. (Paul R. Mendes-Flohr)</subfield>
  </datafield>
  <datafield tag="670" ind1=" " ind2=" ">
    <subfield code="a">Texts and studies, 1975:</subfield>
    <subfield code="b">t.p. (Paul R. Flohr) p. 324 (lecturer on modern Jewish thought, Hebrew Univ., Jerusalem)</subfield>
  </datafield>
  <datafield tag="670" ind1=" " ind2=" ">
    <subfield code="a">Bibliografyah le-talmide ha-Ḥug le-toldot ha-maḥashavah ha-Yehudit, 1975 or 1976:</subfield>
    <subfield code="b">t.p. (P. Flor)</subfield>
  </datafield>
  <datafield tag="670" ind1=" " ind2=" ">
    <subfield code="a">Jerusalem. Hebrew Univ. Faculty of Humanities. Shenaton, 1976/77</subfield>
    <subfield code="b">(Flor, P.); 1979 (Mendes-Flor, P.)</subfield>
  </datafield>
  <datafield tag="670" ind1=" " ind2=" ">
    <subfield code="a">Buber, M. A land of two peoples, 1983:</subfield>
    <subfield code="b">CIP t.p. (Paul Mendes-Flohr)</subfield>
  </datafield>
  <datafield tag="670" ind1=" " ind2=" ">
    <subfield code="a">Ḥokhmat Yiśraʼel, 1979:</subfield>
    <subfield code="b">t.p. (Paʼul Mendes-Flor) added t.p. (Paul R. Mendes-Flohr [in rom.])</subfield>
  </datafield>
  <datafield tag="670" ind1=" " ind2=" ">
    <subfield code="a">Contemporary Jewish religious thought, 1986:</subfield>
    <subfield code="b">CIP t.p. (Paul Mendes-Flohr) data sht. (b. 4/17/41)</subfield>
  </datafield>
  <datafield tag="670" ind1=" " ind2=" ">
    <subfield code="a">Erets li-shene ʻamim, 1988:</subfield>
    <subfield code="b">t.p. (Pol Mendes-Flor) t.p. verso (Paul R. Mendes-Flohr [in rom.])</subfield>
  </datafield>
  <datafield tag="670" ind1=" " ind2=" ">
    <subfield code="a">Mordekhai Marṭin Buber be-mivḥan ha-zeman, c1992:</subfield>
    <subfield code="b">t.p. (Pol Mendes-Flor) added t.p. (Paul Mendes-Flohr [in rom.])</subfield>
  </datafield>
  <datafield tag="670" ind1=" " ind2=" ">
    <subfield code="a">Dialogue as a trans-disciplinary concept, 2015:</subfield>
    <subfield code="b">ECIP data view (Paul Mendes-Flohr, born April 17, 1941)</subfield>
  </datafield>
</record>